@Misc{Disc1,
	key = {Musée de lAventure du Son},
	title = {Discovery of Sound - Discoverers},
	howpublished = {\url{http://www.aventureduson.fr/english/sound2.htm}},
	note = {Zugegriffen: 18.04.2020},
}

@Misc{Disc2,
	key = {Spiegel Wissenschaft},
	title = {Forscher präsentieren älteste Tonaufnahme der Welt},
	howpublished = {\url{https://www.spiegel.de/wissenschaft/mensch/sensationsfund-forscher-praesentieren-aelteste-tonaufnahme-der-welt-a-543754.html}},
	note = {Zugegriffen: 18.04.2020},
}

@Misc{Disc3,
	key = {LinkFang},
	title = {Telegraphon},
	howpublished = {\url{https://de.linkfang.org/wiki/Telegraphon}},
	note = {Zugegriffen: 18.04.2020},
}

@Book{Reininger1928,
	author = {Georg Reininger},
	title = {Der Schutz des Urherberrechtes im deutschen Rundfunk},
	publisher = {Walter de Gruyter GmbH},
	year = {1928},
	address = {Berlin, Leipzig},
}

@Misc{Disc4,
	key = {Like HiFi},
	title = {Hintergrund: Die Kompaktkassette},
	howpublished = {\url{https://www.likehifi.de/doityourself/hintergrund/die-kompaktkassette/}},
	note = {Zugegriffen: 18.04.2020},
}

@Article{CDeins,
	author = {Neil Gandel \& Michael Kende \& Rafael Rob},
	title = {The Dynamics of Technological Adoption in Hardware/Software Systems: The Case of Compact Disc Players},
	journal = {The RAND Journal of Economics},
	year = {Spring, 2000},
	volume = {31},
	number = {1},
	pages = {43-61},
}

@Misc{CDzwei,
	key = {Planet Wissen},
	title = {Geschichte der Tonträger: Compact Disc},
	howpublished = {\url{https://www.planet-wissen.de/kultur/musik/geschichte_der_tontraeger/pwiecompactdisc100.html}},
	note = {Zugegriffen: 18.04.2020},
}

@Misc{PCMtext,
	key = {ComputerWeekly},
	title = {PCM (Pulse Code Modulation)},
	howpublished = {\url{https://www.computerweekly.com/de/definition/PCM-Pulse-Code-Modulation}},
	note = {Zugegriffen: 18.04.2020},
}

@Misc{PCMimg,
	key = {ResearchGate},
	title = {Pulse Code Modulation (PCM)},
	howpublished = {\url{https://www.researchgate.net/figure/Pulse-Code-Modulation-PCM-audio-an-analogical-signal-is-represented-by-25-samples-with_fig1_269935208}},
	note = {Zugegriffen: 18.04.2020},
}

@Misc{WAVE,
	key = {Online-Convert},
	title = {WAV, WAVE Audio (.wav)},
	howpublished = {\url{https://www.online-convert.com/de/datei-format/wav}},
	note = {Zugegriffen: 18.04.2020},
}

@Misc{AIFF1,
	key = {Dateiendung.com},
	title = {.aiff Dateiendung},
	howpublished = {\url{https://www.dateiendung.com/format/aiff}},
	note = {Zugegriffen: 18.04.2020},
}

@Misc{AIFF2,
	key = {Professional-Audio},
	title = {KNOW-HOW: WAS IST DAS AIFF-FORMAT?},
	howpublished = {\url{https://www.professional-audio.de/aiff/}},
	note = {Zugegriffen: 18.04.2020},
}

@Misc{FLAC,
	key = {Xiph.org},
	title = {FLAC - features},
	howpublished = {\url{https://xiph.org/flac/features.html}},
	note = {Zugegriffen: 18.04.2020},
}

@Misc{FLACWiki,
	key = {Wikipedia.org},
	title = {Free Lossless Audio Codec},
	howpublished = {\url{https://de.wikipedia.org/Free_Lossless_Audio_Codec}},
	note = {Zugegriffen: 18.04.2020},
}

@Misc{ALAC,
	key = {Giga},
	title = {Apple Lossless (ALAC): Verlustfreies Audioformat von Apple},
	howpublished = {\url{https://www.giga.de/unternehmen/apple/specials/apple-lossless-alac-verlustfreies-audioformat-von-apple/}},
	note = {Zugegriffen: 18.04.2020},
}

@Proceedings{mp3,
	title = {Proceedings of the 3rd International Conference on Multimedia Technology (ICMT 2013)},
	year = {2013},
	editor = {Aly A. Farag \& Jian Yang \& Feng Jiao},
	publisher = {Springer-Verlag Berlin Heidelberg 2014},
	note = {Seite 335},
}


@Misc{mp3aac,
	key = {Netzsieger},
	title = {MP3, WAV oder AAC - Audioformate im Überblick},
	howpublished = {\url{https://www.netzsieger.de/ratgeber/audioformate-im-ueberblick}},
	note = {Zugegriffen: 18.04.2020},
}

% PATENT
@Misc{patent,
	key = {U.S. Patent US D584,738 S},
	title = {MP3 player},
	howpublished = {\url{https://patents.google.com/patent/USD584738S1/en}},
	note = {Zugegriffen: 18.04.2020},
}

@Misc{vorbis,
	key = {Wiki.Ubuntuusers},
	title = {Vorbis},
	howpublished = {\url{https://wiki.ubuntuusers.de/Vorbis/}},
	note = {Zugegriffen: 18.04.2020},
}

@Misc{drm,
	key = {Computerwoche},
	title = {Digital Rights Management : DRM - Schutz oder Problem?},
	howpublished = {\url{https://www.computerwoche.de/a/drm-schutz-oder-problem,2551517}},
	note = {Zugegriffen: 18.04.2020},
}

@TechReport{drmReport,
	author = {Alapan Arnab \& Andrew C.M. Hutchison},
	title = {Distributed DRM System},
	institution = {University of Cape Town},
	year = {2004},
	type = {Technical Report},
	number = {CS04-27-00},
}


@MastersThesis{drmsysteme,
	author = {Muhammed Rizwan Asghar},
	title = {DRM Convergence: Interoperability between DRM Systems},
	school = {Eindhoven University of Technology},
	year = {2009},
	type = {Master Thesis},
	month = {August},
}

@Misc{drmKritik,
	key = {Wikipedia.org},
	title = {Online-Musikdienst - Kritik an DRM und der Musikindustrie},
	howpublished = {\url{https://de.wikipedia.org/wiki/Online-Musikdienst#Kritik_an_DRM_und_der_Musikindustrie}},
	note = {Zugegriffen: 18.04.2020},
}

@Misc{modelleWiki,
	key = {Wikipedia.org},
	title = {Online-Musikdienst},
	howpublished = {\url{https://de.wikipedia.org/wiki/Online-Musikdienst#Angebotsformen}},
	note = {Zugegriffen: 18.04.2020},
}


